<?xml version="1.0" encoding="UTF-8"?><collection xmlns="http://www.loc.gov/MARC21/slim"><record><leader>00643nam--2200205-i-4500</leader><controlfield tag="001">000021040</controlfield><controlfield tag="002">20161230</controlfield><controlfield tag="005">20161230201034</controlfield><controlfield tag="008">060222s1000------------r-----000-0-eng-d</controlfield><datafield ind1=" " ind2=" " tag="020"><subfield code="a">9810222599</subfield></datafield><datafield ind1=" " ind2=" " tag="040"><subfield code="a">IFIN-HH</subfield></datafield><datafield ind1=" " ind2=" " tag="080"><subfield code="a">53:544.16(061.3)</subfield></datafield><datafield ind1="1" ind2=" " tag="100"><subfield code="a">Beysens, D. /S.A.</subfield></datafield><datafield ind1="1" ind2="0" tag="245"><subfield code="a">Fragmentation phenomena</subfield><subfield code="b">Proceedings of the workshop fragmentation phenomena, les houches 12-17 april 1993</subfield><subfield code="c">D. beysens; x. campi; e. pefferkorn (eds.)</subfield></datafield><datafield ind1=" " ind2=" " tag="260"><subfield code="a">Singapore</subfield><subfield code="b">World Scientific</subfield><subfield code="c">1995</subfield></datafield><datafield ind1=" " ind2=" " tag="300"><subfield code="a">X + 327 P</subfield></datafield><datafield ind1=" " ind2=" " tag="490"><subfield code="a">Les Houches Series</subfield></datafield><datafield ind1="1" ind2=" " tag="700"><subfield code="a">Pefferkorn, E</subfield><subfield code="e">Ed</subfield></datafield><datafield ind1=" " ind2=" " tag="852"><subfield code="a">81019</subfield><subfield code="c">53</subfield></datafield><datafield ind1=" " ind2=" " tag="CAT"><subfield code="a">Sys</subfield><subfield code="c">20110315</subfield><subfield code="h">154352</subfield></datafield></record></collection>